@book{denskapande,
 author    = "Staffan Hansson",
 title     = "Den skapande människan",
 publisher = "Studentlitteratur",
 year      = "2002",
 address   = "Sverige",
 edition   = 6
}

@book{edgerton,
 author    = "David Edgerton",
 title     = "The shock of the old",
 publisher = "Profile books ltd",
 year      = "2006",
 address   = "London",
 edition   = 1
}

@misc{medeltiden, 
 author    = "Simon Haikola",
 title     = "Medeltidens teknik",
 booktitle = "Medeltidens teknik",
 publisher = "Linköpings Universitet",
 year      = "2015",
howpublished   = {\url{"lisam.se"}
           [2015-12-05]}
}

@misc{industriell, 
 author    = "Simon Haikola",
 title     = "Den vetenskapliga och den industriella revolutionen",
 booktitle = "Den vetenskapliga och den industriella revolutionen",
 publisher = "Linköpings Universitet",
 year      = "2015",
howpublished   = {\url{"lisam.se"}
           [2015-12-05]}
}

@misc{kommunikation, 
 author    = "Eva K Törnqvist",
 title     = "Kommunikationshistoria",
 booktitle = "Kommunikationshistoria",
 publisher = "Linköpings Universitet",
 year      = "2015",
howpublished   = {\url{"lisam.se"}
           [2015-12-05]}
}